@book{LBol,
	author = {Bola√±os, S.},
	title = {Metaproceso},
	date = {2-7-2018},

}

@book{gof
	author={Gamma Erich, Helm Richard, ohnson Ralph, Vlissides John}
	title={Design Pattern}
	publisher={Addison Wesley}
	edition={2nd edition}
	year = {1994}	
}

@BOOK{principles,
	TITLE = {Fundamental Principles of Optical Lithography},
	SUBTITLE = {The Science of Microfabrication},
	AUTHOR = {Mack, Chris A},
	YEAR = {2007}, % I looked it up
	PUBLISHER = {Wiley},
}